@article{gorn-article,
  title = {{article titel}},
}

@online{gorn-online,
  title = {{online-title}},
}